@proceedings{DBLP:conf/dlog/2003handbook,
  editor    = {F. Baader and
               D. Calvanese and
               D. L. McGuinness and
               D. Nardi and
               P. F. Patel-Schneider},
  title     = {The Description Logic Handbook: Theory, Implementation, and Applications},
  booktitle = {Description Logic Handbook},
 
  year      = {2003},
 publisher = {Cambridge University Press}
}

@incollection{dlchap,
author={F. Baader and I. Horrocks and U. Sattler},
title={Description Logics},
booktitle={Handbook of knowledge representation},
year={2008},
publisher={Elsevier},
pages={135-179},
chapter={3},
}

@article{DBLP:journals/ai/Schmidt-SchaussS91,
  author    = {Manfred Schmidt-Schau{\ss} and
               Gert Smolka},
  title     = {Attributive Concept Descriptions with Complements},
  journal   = {Artificial Intelligence},
  volume    = {48},
  number    = {1},
  year      = {1991},
  pages     = {1-26},
  ee        = {http://dx.doi.org/10.1016/0004-3702(91)90078-X},
  bibsource = {DBLP, http://dblp.uni-trier.de}
}

@inproceedings{DBLP:conf/rweb/Straccia08,
  author    = {Umberto Straccia},
  title     = {Managing Uncertainty and Vagueness in Description Logics,
               Logic Programs and Description Logic Programs},
  booktitle = {International Summer School on Reasoning Web},
  year      = {2008},
  pages     = {54-103},
  publisher={Springer},
  series={LNCS},
  volume={5224}
}

@article{DBLP:journals/ws/LukasiewiczS08,
  author    = {T. Lukasiewicz and
               U. Straccia},
  title     = {Managing uncertainty and vagueness in description logics
               for the Semantic Web},
  journal   = {J. Web Sem.},
  volume    = {6},
  number    = {4},
  year      = {2008},
  pages     = {291-308},
  
}

@inproceedings{DBLP:conf/iclp/Sato95,
  author    = {T. Sato},
  title     = {A Statistical Learning Method for Logic Programs with Distribution
               Semantics},
  booktitle = {International Conference on Logic Programming},
  year      = {1995},
  pages     = {715-729},
 publisher={MIT Press}
}

@article{DBLP:journals/jair/SatoK01,
  author    = {Taisuke Sato and
               Yoshitaka Kameya},
  title     = {Parameter Learning of Logic Programs for Symbolic-Statistical
               Modeling},
  journal   = {J. Artif. Intell. Res.},
  volume    = {15},
  year      = {2001},
  pages     = {391-454},
}

@article{Poo97-ArtInt-IJ,
  author =       {D. Poole},
  title =        {The {I}ndependent {C}hoice {L}ogic for Modelling Multiple Agents under Uncertainty},
  journal =      {Artif. Intell.},
  year =         {1997},
  volume =       {94},
  number =       {1-2},
  pages =        {7-56},
  publisher =    {Elsevier Science Publishers Ltd.},
  address = {Essex, UK}
}

@inproceedings{VenVer04-ICLP04-IC,
   author =      {J. Vennekens and S. Verbaeten and M. Bruynooghe},
   title =       {Logic Programs With Annotated Disjunctions},
  booktitle =  {International Conference on Logic Programming},
   year =        {2004},
   volume={3131},
   pages={195-209},
   series={LNCS},
   publisher={Springer},
}

@inproceedings{DBLP:conf/ijcai/RaedtKT07,
  author = {De Raedt, L. and A. Kimmig and H. Toivonen},
  title = {{ProbLog}: A Probabilistic {P}rolog and Its Application in Link Discovery.},
  booktitle = {International Joint Conference on Artificial Intelligence},
  year = {2007},
  pages = {2462-2467},
}

@inproceedings{RigBelLamZese12-URSW12,
  title = {Epistemic and Statistical Probabilistic Ontologies},
  author = {Fabrizio Riguzzi and Evelina Lamma and Elena Bellodi and Riccardo Zese},
  pages = { 3-14},
  booktitle = { Uncertainty Reasoning for the Semantic Web},
  series = {CEUR Workshop Proceedings},
  volume = {900},
  year = {2012},
  publisher = {Sun {SITE} Central Europe}
}

@misc{ISWC03-tut,
author={Patel-Schneider, P, F. and I. Horrocks and S. Bechhofer},
title={Tutorial on {OWL} },
booktitle={International Semantic Web Conference},
year={2003},
}

@inproceedings{DBLP:conf/ijcai/SchlobachC03,
  author    = {Stefan Schlobach and
               Ronald Cornet},
  title     = {Non-Standard Reasoning Services for the Debugging of Description
               Logic Terminologies},
  booktitle = {IJCAI},
  year      = {2003},
  pages     = {355-362},
  publisher = {Morgan Kaufmann},
}

@phdthesis{Kalyanpurphd,
author={Kalyanpur, A.},
title={Debugging and Repair of {OWL} Ontologies},
school={The Graduate School of the University of Maryland},
year={2006},
}

@article{DBLP:journals/ws/KalyanpurPSH05,
  author    = {A. Kalyanpur and
               B. Parsia and
               E. Sirin and
               J. A. Hendler},
  title     = {Debugging unsatisfiable classes in {OWL} ontologies},
  journal   = {J. Web Sem.},
  volume    = {3},
  number    = {4},
  year      = {2005},
  pages     = {268-293},
 }
 
@techreport{extended_tracing,
title={Extending Tableau Tracing for {ABox} Updates},
author={C. Halaschek-Wiener and A. Kalyanpur and B. Parsia},
institution={University of Maryland},
year={2006},
}

@inproceedings{DBLP:conf/semweb/KalyanpurPHS07,
  author    = {A. Kalyanpur and
               B. Parsia and
               M. Horridge and
               E. Sirin},
  title     = {Finding All Justifications of {OWL DL} Entailments},
  booktitle = {ISWC},
  year      = {2007},
  pages     = {267-280},
  volume    = {4825},
  publisher = {Springer},
  series    = {LNCS}
 }
